@IEEEtranBSTCTL{bstctl:etal,
  CTLuse_forced_etal = {yes},
  CTLmax_names_forced_etal = {2},
}

@IEEEtranBSTCTL{bstctl:nodash,
  CTLdash_repeated_names = {no},
}

@IEEEtranBSTCTL{bstctl:simpurl,
  CTLname_url_prefix = {Available: },
}

@inproceedings {Yuan:2014,
author = {Ding Yuan and Yu Luo and Xin Zhuang and Guilherme Renna Rodrigues and Xu Zhao and Yongle Zhang and Pranay U. Jain and Michael Stumm},
title = {Simple Testing Can Prevent Most Critical Failures: An Analysis of Production Failures in Distributed Data-Intensive Systems},
booktitle = {11th {USENIX} Symposium on Operating Systems Design and Implementation ({OSDI} 14)},
year = {2014},
isbn = { 978-1-931971-16-4},
address = {Broomfield, CO},
pages = {249--265},
url = {https://www.usenix.org/conference/osdi14/technical-sessions/presentation/yuan},
publisher = {{USENIX} Association},
}

@INPROCEEDINGS{SRT:2000, 
author={S. K. Reinhardt and S. S. Mukherjee}, 
booktitle={Proceedings of 27th International Symposium on Computer Architecture (IEEE Cat. No.RS00201)}, 
title={Transient fault detection via simultaneous multithreading}, 
year={2000}, 
volume={}, 
number={}, 
pages={25-36}, 
keywords={fault tolerant computing;multi-threading;parallel architectures;Simultaneous and Redundantly Threaded;branch outcome queue;fault-tolerant computers;performance;replication;simultaneous multithreading;slack fetch;transient fault coverage;transient hardware faults}, 
doi={}, 
ISSN={1063-6897}, 
month={June},}

@ARTICLE{Mahmood:1988, 
author={A. Mahmood and E. J. McCluskey}, 
journal={IEEE Transactions on Computers}, 
title={Concurrent error detection using watchdog processors-a survey}, 
year={1988}, 
volume={37}, 
number={2}, 
pages={160-174}, 
keywords={automatic testing;computer architecture;computer testing;computerised monitoring;error detection;fault tolerant computing;reviews;satellite computers;special purpose computers;assertion execution;capability-based addressing;concurrent error detection;control-flow checking;coprocessor;fault tolerant computing;memory-access checking;reasonable checks;system behaviour monitoring;system-level error detection;watchdog processors;Circuit faults;Circuit testing;Computer errors;Coprocessors;Error correction;Error correction codes;Fault detection;Laboratories;Monitoring;Phase detection}, 
doi={10.1109/12.2145}, 
ISSN={0018-9340}, 
month={Feb},}

@ARTICLE{TMR:1962, 
author={R. E. Lyons and W. Vanderkulk}, 
journal={IBM Journal of Research and Development}, 
title={The Use of Triple-Modular Redundancy to Improve Computer Reliability}, 
year={1962}, 
volume={6}, 
number={2}, 
pages={200-209}, 
keywords={}, 
doi={10.1147/rd.62.0200}, 
ISSN={0018-8646}, 
month={April},}

@inproceedings{Rebaudengo:1999,
  title={Soft-Error Detection through Software Fault-Tolerance Techniques},
  author={Maurizio Rebaudengo and Matteo Sonza Reorda and Marco Torchiano and Massimo Violante},
  booktitle={DFT},
  year={1999}
}

@ARTICLE{FTMP:1978, 
author={A. L. Hopkins and T. B. Smith and J. H. Lala}, 
journal={Proceedings of the IEEE}, 
title={FTMP 8212;A highly reliable fault-tolerant multiprocess for aircraft}, 
year={1978}, 
volume={66}, 
number={10}, 
pages={1221-1239}, 
keywords={Aerospace engineering;Aircraft propulsion;Application software;Computer architecture;Design engineering;Emulation;Fault tolerance;Information processing;Processor scheduling;Prototypes}, 
doi={10.1109/PROC.1978.11113}, 
ISSN={0018-9219}, 
month={Oct},}

@article{Avizienis:1985,
 author = {Avizienis, A.},
 title = {The N-Version Approach to Fault-Tolerant Software},
 journal = {IEEE Trans. Softw. Eng.},
 issue_date = {December 1985},
 volume = {11},
 number = {12},
 month = dec,
 year = {1985},
 issn = {0098-5589},
 pages = {1491--1501},
 numpages = {11},
 url = {http://dx.doi.org/10.1109/TSE.1985.231893},
 doi = {10.1109/TSE.1985.231893},
 acmid = {1314064},
 publisher = {IEEE Press},
 address = {Piscataway, NJ, USA},
 keywords = {Design diversity, N-version programming, N-version software, fault tolerance, multiple computation, software reliability, tolerance of design faults, tolerance of design faults, Design diversity, fault tolerance, multiple computation, N-version programming, N-version software, software reliability},
} 

@inproceedings{Gupta:2016,
  title={Reliability and Performance Trade-off Study of Heterogeneous Memories},
  author={Manish Gupta and David Roberts and Mitesh R. Meswani and Vilas Sridharan and Dean M. Tullsen and Rajesh K. Gupta},
  booktitle={MEMSYS},
  year={2016}
}

@INPROCEEDINGS{Barraza:2017, 
author={N. R. Barraza}, 
booktitle={2017 IEEE International Conference on Software Quality, Reliability and Security Companion (QRS-C)}, 
title={A Mixed Poisson Process and Empirical Bayes Estimation Based Software Reliability Growth Model and Simulation}, 
year={2017}, 
volume={}, 
number={}, 
pages={612-613}, 
keywords={Bayes methods;Gaussian distribution;estimation theory;failure analysis;software reliability;stochastic processes;empirical Bayes estimation based software reliability growth model;empirical Bayes estimation based software reliability simulation;exponential waiting times;failure detection process;failure rate;inverse Gaussian distribution;mixed Poisson process;random generation;Data models;Mathematical model;Maximum likelihood detection;Software;Software reliability;Solid modeling;Empirical Bayes;Inverse Gaussian;Mixed Poisson;Pure Birth process;Simulation of Software Failures;Software Reliability}, 
doi={10.1109/QRS-C.2017.114}, 
ISSN={}, 
month={July},}

@INPROCEEDINGS{Singh:2013, 
author={A. P. Singh and P. Tomar}, 
booktitle={2013 3rd IEEE International Advance Computing Conference (IACC)}, 
title={A new model for Reliability Estimation of Component-Based Software}, 
year={2013}, 
volume={}, 
number={}, 
pages={1431-1436}, 
keywords={Java;object-oriented programming;software architecture;software reliability;CBS reliability;Java;component impact factor;component-based software;component-based software engineering;path propagation probability;rapid software development;reliability estimation model;software architecture;software component;software development;software reliability estimation;Estimation;Hidden Markov models;Mathematical model;Object oriented modeling;Software;Software reliability;Component-Based Software (CBS);Path propagation;components;impact factor;path propagation probability;reliability}, 
doi={10.1109/IAdCC.2013.6514437}, 
ISSN={}, 
month={Feb},}

@inproceedings{Yu:1986,
 author = {Yu, Philip S. and Cornell, Douglas W. and Dias, Daniel M. and Iyer, Balakrishna R.},
 title = {On Affinity Based Routing in Multi-System Data Sharing},
 booktitle = {Proceedings of the VLDB '86},

 year = {1986},
}

@INPROCEEDINGS{FTM:2017, 
author={W. Excoffon and J. C. Fabre and M. Lauer}, 
booktitle={2017 13th European Dependable Computing Conference (EDCC)}, 
title={Analysis of Adaptive Fault Tolerance for Resilient Computing}, 
year={2017}, 
volume={}, 
number={}, 
pages={50-57}, 
keywords={safety-critical software;software fault tolerance;FTM selection;adaptive fault tolerant computing;nonfunctional requirements;resilient computing;safety critical systems;Computational modeling;Computer crashes;Fault tolerance;Fault tolerant systems;Frequency modulation;Resilience;Transient analysis;analysis;evolution;fault tolerance;resilience}, 
doi={10.1109/EDCC.2017.22}, 
ISSN={}, 
month={Sept},}
 
@INPROCEEDINGS{Subramaniam:2009, 
author={S. Subramaniam and A. Bracy and H. Wang and G. H. Loh}, 
booktitle={2009 IEEE 15th International Symposium on High Performance Computer Architecture}, 
title={Criticality-based optimizations for efficient load processing}, 
year={2009}, 
volume={}, 
number={}, 
pages={419-430}, 
keywords={performance evaluation;resource allocation;storage management;criticality information;criticality predictor;criticality-based optimization;dual-read-port cache;efficient load processing;load value prediction;processor enhancements;single-read-port data cache;Accuracy;Buffer storage;Computer aided instruction;Costs;Delay;Educational institutions;Hardware;Investments;Laboratories;Microarchitecture}, 
doi={10.1109/HPCA.2009.4798280}, 
ISSN={1530-0897}, 
month={Feb},}

@INPROCEEDINGS{Ni:2016, 
author={X. Ni and L. V. Kale}, 
booktitle={SC16: International Conference for High Performance Computing, Networking, Storage and Analysis}, 
title={FlipBack: Automatic Targeted Protection against Silent Data Corruption}, 
year={2016}, 
volume={}, 
number={}, 
pages={335-346}, 
keywords={data flow analysis;data protection;parallel processing;program compilers;software reliability;FlipBack;HPC miniapplications;SDC;automatic software-based approach;automatic targeted protection;compile-time analysis;control flow;performance degradation;program markup;runtime system;scientific applications;selective computation replication;silent data corruptions;supercomputer capacity;transistors;C++ languages;Process control;Redundancy;Runtime;Software;Transient analysis;Computer errors;Fault detection;Redundancy;Software reliability}, 
doi={10.1109/SC.2016.28}, 
ISSN={}, 
month={Nov},}

@INPROCEEDINGS{LLFI:2015, 
author={Q. Lu and M. Farahani and J. Wei and A. Thomas and K. Pattabiraman}, 
booktitle={2015 IEEE International Conference on Software Quality, Reliability and Security}, 
title={LLFI: An Intermediate Code-Level Fault Injection Tool for Hardware Faults}, 
year={2015}, 
volume={}, 
number={}, 
pages={11-16}, 
keywords={software fault tolerance;LLFI;error resilient applications;fault injection techniques;fine-grained manner;hardware errors;hardware faults;intermediate code-level fault injection tool;intermediate representation level;software based error resilience techniques;software-based techniques;Benchmark testing;Computer crashes;Hardware;Instruments;Registers;Resilience;Software}, 
doi={10.1109/QRS.2015.13}, 
ISSN={}, 
month={Aug},}

@inproceedings{LLVM:2004,
 author = {Lattner, Chris and Adve, Vikram},
 title = {LLVM: A Compilation Framework for Lifelong Program Analysis \& Transformation},
 booktitle = {Proceedings of the International Symposium on Code Generation and Optimization: Feedback-directed and Runtime Optimization},
 series = {CGO '04},
 year = {2004},
 isbn = {0-7695-2102-9},
 location = {Palo Alto, California},
 pages = {75--},
 url = {http://dl.acm.org/citation.cfm?id=977395.977673},
 acmid = {977673},
 publisher = {IEEE Computer Society},
 address = {Washington, DC, USA},
} 

@inproceedings{Lebeck:2003,
  title={Quantifying instruction criticality for shared memory multiprocessors},
  author={Tong Li and Alvin R. Lebeck and Daniel J. Sorin},
  booktitle={SPAA},
  year={2003}
}

@book{Rehman:2016,
 author = {Rehman, Semeen and Shafique, Muhammad and Henkel, Jrg},
 title = {Reliable Software for Unreliable Hardware: A Cross Layer Perspective},
 year = {2016},
 isbn = {3319257706, 9783319257709},
 edition = {1st},
 publisher = {Springer Publishing Company, Incorporated},
} 

@inproceedings{Tune:2002,
 author = {Tune, Eric and Tullsen, Dean M. and Calder, Brad},
 title = {Quantifying Instruction Criticality},
 booktitle = {Proceedings of the 2002 International Conference on Parallel Architectures and Compilation Techniques},
 series = {PACT '02},
 year = {2002},
 isbn = {0-7695-1620-3},
 pages = {104--},
 url = {http://dl.acm.org/citation.cfm?id=645989.674310},
 acmid = {674310},
 publisher = {IEEE Computer Society},
 address = {Washington, DC, USA},
} 

@inproceedings{Fields:2001,
  title={Focusing processor policies via critical-path prediction},
  author={Brian A. Fields and Shai Rubin and Rastislav Bod{\'i}k},
  booktitle={ISCA},
  year={2001}
}

@INPROCEEDINGS{RTPenalty:2013, 
author={S. Rehman and A. Toma and F. Kriebel and M. Shafique and J. J. Chen and J. Henkel}, 
booktitle={2013 IEEE 19th Real-Time and Embedded Technology and Applications Symposium (RTAS)}, 
title={Reliable code generation and execution on unreliable hardware under joint functional and timing reliability considerations}, 
year={2013}, 
volume={}, 
number={}, 
pages={273-282}, 
keywords={embedded systems;optimisation;program compilers;software reliability;compiler;functional correctness;joint functional;joint optimization;reliability-aware processor simulator;reliable code execution;reliable code generation;reliable embedded systems;system software;timing reliability;unreliable hardware;vulnerability indexes;Hardware;Indexes;Reliability engineering;Software reliability;System software;Timing}, 
doi={10.1109/RTAS.2013.6531099}, 
ISSN={1080-1812}, 
month={April},}

@ARTICLE{Compilation_Rehman:2014, 
author={S. Rehman and F. Kriebel and M. Shafique and J. Henkel}, 
journal={IEEE Transactions on Computer-Aided Design of Integrated Circuits and Systems}, 
title={Reliability-Driven Software Transformations for Unreliable Hardware}, 
year={2014}, 
volume={33}, 
number={11}, 
pages={1597-1610}, 
keywords={microprocessor chips;software reliability;fault injection;fault rates;multiple reliability-driven software transformations;performance-optimized compilation;processor components;spatial-temporal vulnerability;unreliable hardware;Circuit faults;Hardware;Optimization;Registers;Software;Software reliability;Compiler;fault tolerance;reliability;reliable software;soft errors;software transformations}, 
doi={10.1109/TCAD.2014.2341894}, 
ISSN={0278-0070}, 
month={Nov},}

@inproceedings{Rehman_schedule_table:2012,
 author = {Rehman, Semeen and Shafique, Muhammad and Henkel, J\"{o}rg},
 title = {Instruction Scheduling for Reliability-aware Compilation},
 booktitle = {Proceedings of the 49th Annual Design Automation Conference},
 series = {DAC '12},
 year = {2012},
 isbn = {978-1-4503-1199-1},
 location = {San Francisco, California},
 pages = {1292--1300},
 numpages = {9},
 url = {http://doi.acm.org/10.1145/2228360.2228601},
 doi = {10.1145/2228360.2228601},
 acmid = {2228601},
 publisher = {ACM},
 address = {New York, NY, USA},
 keywords = {code generation, dependability, embedded systems, instruction scheduling, instruction vulnerability estimation, reliability, reliability estimation, reliable software, technology scaling},
}

@INPROCEEDINGS{Schwarz:2009, 
author={M. H. Schwarz and H. Sheng and B. Batchuluun and A. Sheleh and W. Chaaban and J. Börcsök}, 
booktitle={2009 XXII International Symposium on Information, Communication and Automation Technologies}, 
title={Reliable software development methodology for safety related applications: From simulation to reliable source code}, 
year={2009}, 
volume={}, 
number={}, 
pages={1-7}, 
keywords={C language;digital simulation;mathematics computing;program compilers;program verification;safety-critical software;C language;Matlab;Simulink;automated code generator;meta-programme functionality verification;programming code validation;reliable software development methodology;reliable source code;safety critical system;safety related software application;Application software;Computer architecture;Computer industry;Computer languages;Documentation;Hardware;Mathematical model;Programming;Software design;Software safety;automatic code generation;safety related software application;software development;software evaluation;software validation;software verification}, 
doi={10.1109/ICAT.2009.5348447}, 
ISSN={}, 
month={Oct},}

@INPROCEEDINGS{Fault_Injection_Simulation:2010, 
author={R. Svenningsson and H. Eriksson and J. Vinter and M. Törngren}, 
booktitle={2010 Workshop on Model-Driven Engineering, Verification, and Validation}, 
title={Model-Implemented Fault Injection for Hardware Fault Simulation}, 
year={2010}, 
volume={}, 
number={}, 
pages={31-36}, 
keywords={embedded systems;fault simulation;microcontrollers;Infineon microcontroller;Simulink;embedded systems;hardware fault simulation;hardware-related faults;model-implemented fault injection;Hardware;Mathematical model;Microcontrollers;Registers;Software;Timing;Unified modeling language;Fault Injection;Model Based Testing;Test Case Generation}, 
doi={10.1109/MoDeVVa.2010.11}, 
ISSN={}, 
month={Oct},}

@INPROCEEDINGS{ACE:2003, 
author={S. S. Mukherjee and C. Weaver and J. Emer and S. K. Reinhardt and T. Austin}, 
booktitle={Proceedings. 36th Annual IEEE/ACM International Symposium on Microarchitecture, 2003. MICRO-36.}, 
title={A systematic methodology to compute the architectural vulnerability factors for a high-performance microprocessor}, 
year={2003}, 
volume={}, 
number={}, 
pages={29-40}, 
keywords={fault simulation;integrated circuit design;microprocessor chips;AVF estimates;CPU2000 benchmark suite;architectural vulnerability factors;bit-level microarchitectural state;branch predictor;cost-reliability tradeoff;dynamically dead code;execution units;high-performance microprocessor;instruction queue;microprocessor design;particle strikes;prefetches;processor error rates;processor simulator;raw error rate;single-event upsets;structure error rate;transients faults;wrong-path instructions;Circuit faults;Circuit simulation;Computational modeling;Computer aided instruction;Costs;Error analysis;Fault diagnosis;Instruments;Microprocessors;Prefetching}, 
doi={10.1109/MICRO.2003.1253181}, 
ISSN={}, 
month={Dec},}

@ARTICLE{Monte_Carlo:1996, 
author={P. C. Murley and G. R. Srinivasan}, 
journal={IBM Journal of Research and Development}, 
title={Soft-error Monte Carlo modeling program, SEMM}, 
year={1996}, 
volume={40}, 
number={1}, 
pages={109-118}, 
keywords={}, 
doi={10.1147/rd.401.0109}, 
ISSN={0018-8646}, 
month={Jan},}

@ARTICLE{EDDI:2002, 
author={N. Oh and P. P. Shirvani and E. J. McCluskey}, 
journal={IEEE Transactions on Reliability}, 
title={Error detection by duplicated instructions in super-scalar processors}, 
year={2002}, 
volume={51}, 
number={1}, 
pages={63-75}, 
keywords={error detection;instruction sets;parallel architectures;software fault tolerance;software reliability;concurrent error detection;error detection by duplicated instructions;error-detection coverage;error-detection coverage estimation;execution time overhead;fault tolerance;fault-coverage;instruction-level parallelism;instruction-scheduling;instructions duplication;memory code segment fault;performance overhead reduction;probabilistic methods;registers;single event upset;software technique;super-scalar processors;system operation;transient fault;Computer architecture;Computer errors;Error correction;Event detection;Fault detection;Hardware;Parallel processing;Redundancy;Registers;Single event upset}, 
doi={10.1109/24.994913}, 
ISSN={0018-9529}, 
month={Mar},}

@INPROCEEDINGS{SWIFT:2005, 
author={G. A. Reis and J. Chang and N. Vachharajani and R. Rangan and D. I. August}, 
booktitle={International Symposium on Code Generation and Optimization}, 
title={SWIFT: software implemented fault tolerance}, 
year={2005}, 
volume={}, 
number={}, 
pages={243-254}, 
keywords={error correction codes;fault diagnosis;program processors;redundancy;software fault tolerance;storage management;SWIFT;control-flow checking mechanism;hardware technique;instruction-level resource;memory system;program execution;redundancy;reliable system;single-threaded approach;soft-errors;software implemented fault tolerance;software technique;transient-fault-detection technique;Clocks;Fault tolerance;Hardware;Noise level;Noise reduction;Power system reliability;Process design;Redundancy;Resource management;Voltage}, 
doi={10.1109/CGO.2005.34}, 
ISSN={}, 
month={March},}

@ARTICLE{Reliability_metric:2008, 
author={N. Miskov-Zivanov and D. Marculescu}, 
journal={IEEE Transactions on Computer-Aided Design of Integrated Circuits and Systems}, 
title={Modeling and Optimization for Soft-Error Reliability of Sequential Circuits}, 
year={2008}, 
volume={27}, 
number={5}, 
pages={803-816}, 
keywords={Markov processes;binary decision diagrams;electronic engineering computing;logic design;sequential circuits;Markov chain theory;algebraic decision diagram;binary decision diagram;sequential circuit;soft-error rate evaluation;soft-error reliability;symbolic modeling;Boolean functions;Circuit faults;Circuit simulation;Clocks;Data structures;Digital systems;Radiation hardening;Sequential circuits;Steady-state;Voltage;Combinational logic circuits;reliability;sequential logic circuits;symbolic manipulation}, 
doi={10.1109/TCAD.2008.917591}, 
ISSN={0278-0070}, 
month={May},}

@INPROCEEDINGS{MediaBench:1997, 
author={Chunho Lee and M. Potkonjak and W. H. Mangione-Smith}, 
booktitle={Proceedings of 30th Annual International Symposium on Microarchitecture}, 
title={MediaBench: a tool for evaluating and synthesizing multimedia and communications systems}, 
year={1997}, 
volume={}, 
number={}, 
pages={330-335}, 
keywords={instruction sets;microprogramming;multimedia systems;parallel architectures;parallel programming;program compilers;program control structures;software performance evaluation;MediaBench;SIMD;SPEC benchmark suite;VLIW;benchmark suite;communications systems;compilation technology;embedded applications;experimental measurement;general-purpose computing;general-purpose systems;inner-loops;instruction-level parallelism;microprocessor architectures;multimedia systems;optimization;Application software;Computer architecture;Digital signal processing;Microprocessors;Multimedia communication;Multimedia systems;Parallel processing;Pipeline processing;Program processors;VLIW}, 
doi={10.1109/MICRO.1997.645830}, 
ISSN={1072-4451}, 
month={Dec},}

@INPROCEEDINGS{MiBench:2001, 
author={M. R. Guthaus and J. S. Ringenberg and D. Ernst and T. M. Austin and T. Mudge and R. B. Brown}, 
booktitle={Proceedings of the Fourth Annual IEEE International Workshop on Workload Characterization. WWC-4 (Cat. No.01EX538)}, 
title={MiBench: A free, commercially representative embedded benchmark suite}, 
year={2001}, 
volume={}, 
number={}, 
pages={3-14}, 
keywords={embedded systems;instruction sets;security of data;software performance evaluation;telecommunication computing;ARM instruction set;SPEC2000;SimpleScalar;benchmark suite;benchmarking;embedded programs;performance;representative embedded programs;Application software;Code standards;Computer science;Digital audio players;Instruction sets;Microcontrollers;Microprocessors;Multimedia systems;Parallel processing;Process design}, 
doi={10.1109/WWC.2001.990739}, 
ISSN={}, 
month={Dec},}

@INPROCEEDINGS{Fiala:2012, 
author={D. Fiala and F. Mueller and C. Engelmann and R. Riesen and K. Ferreira and R. Brightwell}, 
booktitle={High Performance Computing, Networking, Storage and Analysis (SC), 2012 International Conference for}, 
title={Detection and correction of silent data corruption for large-scale high-performance computing}, 
year={2012}, 
volume={}, 
number={}, 
pages={1-12}, 
keywords={application program interfaces;fault tolerant computing;message passing;MPI application;MPI redundancy;consistency protocol;fault injector;high performance computing;high-end computing cluster;message passing interface;silent data corruption correction;silent data corruption detection;soft error correction;soft error detection;Checkpointing;Computational modeling;Error correction codes;Hardware;Protocols;Receivers;Redundancy}, 
doi={10.1109/SC.2012.49}, 
ISSN={2167-4329}, 
month={Nov},}

@INPROCEEDINGS{Chakravorty:2007, 
author={S. Chakravorty and L. V. Kale}, 
booktitle={2007 IEEE International Parallel and Distributed Processing Symposium}, 
title={A Fault Tolerance Protocol with Fast Fault Recovery}, 
year={2007}, 
volume={}, 
number={}, 
pages={1-10}, 
keywords={application program interfaces;checkpointing;fault tolerant computing;message passing;object-oriented programming;protocols;Charm++/adaptive MPI runtime system;checkpoint-based method;fault recovery;fault tolerance protocol;message logging protocol;object-based processor virtualization;system crash;Adaptive systems;Application virtualization;Checkpointing;Computer crashes;Computer science;Concurrent computing;Costs;Fault tolerance;Protocols;Storms}, 
doi={10.1109/IPDPS.2007.370310}, 
ISSN={1530-2075}, 
month={March},}

@inproceedings{Chen:2007,
 author = {Chen, Shimin and Gibbons, Phillip B. and Kozuch, Michael and Liaskovitis, Vasileios and Ailamaki, Anastassia and Blelloch, Guy E. and Falsafi, Babak and Fix, Limor and Hardavellas, Nikos and Mowry, Todd C. and Wilkerson, Chris},
 title = {Scheduling threads for constructive cache sharing on {CMP}s},
 booktitle = {Proceedings of the SPAA '07},

 year = {2007},
}

@article{Chang:2006,
 author = {Chang, Jichuan and Sohi, Gurindar S.},
 title = {Cooperative Caching for Chip Multiprocessors},
 journal = {SIGARCH Comput. Archit. News},
 volume = {34},
 issue = {2},
 month = {May},
 year = {2006},
}

@inproceedings{Hsu:2006,
 author = {Hsu, Lisa R. and Reinhardt, Steven K. and Iyer, Ravishankar and Makineni, Srihari},
 title = {Communist, utilitarian, and capitalist cache policies on {CMP}s: caches as a shared resource},
 booktitle = {Proceedings of the PACT '06},

 year = {2006},
}


@article{Lee:2009,
 author = {Lee, Rubao and Ding, Xiaoning and Chen, Feng and Lu, Qingda and Zhang, Xiaodong},
 title = {{MCC-DB}: minimizing cache conflicts in multi-core processors for databases},
 journal = {Proc. VLDB Endow.},
 volume = {2},
 issue = {1},
 month = {August},
 year = {2009},
}

@inproceedings{Chang:2007,
 author = {Chang, Jichuan and Sohi, Gurindar S.},
 title = {Cooperative cache partitioning for chip multiprocessors},
 booktitle = {Proceedings of the ICS '07},
 year = {2007},
}

@inproceedings{Lu:2009,
 author = {Lu, Qingda and Lin, Jiang and Ding, Xiaoning and Zhang, Zhao and Zhang, Xiaodong and Sadayappan, P.},
 title = {Soft-{OLP}: Improving Hardware Cache Performance through Software-Controlled Object-Level Partitioning},
 booktitle = {Proceedings of PACT '09},
 year = {2009},
}

@inproceedings{Rafique:2006,
 author = {Rafique, Nauman and Lim, Won-Taek and Thottethodi, Mithuna},
 title = {Architectural support for operating system-driven {CMP} cache management},
 booktitle = {Proceedings of the PACT '06},
 year = {2006},
}

@inproceedings{Kim:2004,
 author = {Kim, Seongbeom and Chandra, Dhruba and Solihin, Yan},
 title = {Fair Cache Sharing and Partitioning in a Chip Multiprocessor Architecture},
 booktitle = {Proceedings of the PACT '04},
 year = {2004},
}



@article{Qiao:2008,
 author = {Qiao, Lin and Raman, Vijayshankar and Reiss, Frederick and Haas, Peter J. and Lohman, Guy M.},
 title = {Main-memory scan sharing for multi-core {CPU}s},
 journal = {Proc. VLDB Endow.},
 volume = {1},
 issue = {1},
 month = {August},
 year = {2008},
}

@INPROCEEDINGS{ailamaki:embarrassingly,
 AUTHOR = {Ailamaki Anastasia},
 TITLE = {Embarrassingly scalable database systems},
 booktitle = {Proceedings of the ICDE '11},
 YEAR = {2011},
 }

@INPROCEEDINGS{Harizopoulos:2005,
 author = {Kun, Gao and Harizopoulos, S. and Pandis, I. and Shkapenyuk, V. and Ailamaki, A.},
 booktitle = {Proceedings of ICDE '06},
 title = {Simultaneous pipelining in {QP}ipe: exploiting work sharing opportunities across queries},
 year = {2006}
}

@inproceedings{Ross:2010,
 author = {Ross, Kenneth A.},
 title = {Optimizing read convoys in main-memory query processing},
 booktitle = {Proceedings of the DaMoN '10},
 year = {2010}
}

@inproceedings{Zukowski:2007,
 author = {Zukowski, Marcin and H\'{e}man, S\'{a}ndor and Nes, Niels and Boncz, Peter},
 title = {Cooperative scans: dynamic bandwidth sharing in a {DBMS}},
 booktitle = {Proceedings of the VLDB '07},
 year = {2007}
}



@inproceedings{Shatdal:1994,
 author = {Shatdal, Ambuj and Kant, Chander and Naughton, Jeffrey F.},
 title = {Cache Conscious Algorithms for Relational Query Processing},
 booktitle = {Proceedings of the VLDB '94},
 year = {1994}
}

@inproceedings{Cieslewicz:2007,
 author = {Cieslewicz, John and Ross, Kenneth A.},
 title = {Adaptive aggregation on chip multiprocessors},
 booktitle = {Proceedings of the VLDB '07},
 year = {2007}
}

@inproceedings{Cieslewicz:2009,
 author = {Cieslewicz, John and Mee, William and Ross, Kenneth A.},
 title = {Cache-conscious buffering for database operators with state},
 booktitle = {Proceedings of the DaMoN '09},
 year = {2009}
}

@inproceedings{Boncz:1999,
 author = {Boncz, Peter A. and Manegold, Stefan and Kersten, Martin L.},
 title = {Database Architecture Optimized for the New Bottleneck: Memory Access},
 booktitle = {Proceedings of the VLDB '99},
 year = {1999}
}

@inproceedings{Yadan:2009,
 author = {Yadan, Deng and Ning, Jing and Wei, Xiong and Luo, Chen and Hongsheng, Chen},
 title = {Hash Join Optimization Based on Shared Cache Chip Multi-processor},
 booktitle = {Proceedings of the DASFAA '09},
 year = {2009}
}


@inproceedings{Liu:2005,
 author = {Liu, Bin and Rundensteiner, Elke A.},
 title = {Revisiting pipelined parallelism in multi-join query processing},
 booktitle = {Proceedings of the VLDB '05},
 year = {2005},
}

@article{Boncz:2008,
 author = {Boncz, Peter A. and Kersten, Martin L. and Manegold, Stefan},
 title = {Breaking the memory wall in {M}onet{DB}},
 journal = {Commun. ACM},
 volume = {51},
 issue = {12},
 month = {December},
 year = {2008},
}

@inproceedings{Stonebraker:2005,
 author = {Stonebraker, Mike and Abadi, Daniel J. and Batkin, Adam and Chen, Xuedong and Cherniack, Mitch and Ferreira, Miguel and Lau, Edmond and Lin, Amerson and Madden, Sam and O'Neil, Elizabeth and O'Neil, Pat and Rasin, Alex and Tran, Nga and Zdonik, Stan},
 title = {C-store: a column-oriented {DBMS}},
 booktitle = {Proceedings of the VLDB '05},
 year = {2005},
}


@ONLINE{Postgres,
author = {PostgreSQL},
title = {http://www.postgresql.org/},
year = {2010},
url = {http://www.postgresql.org/}
}


@ONLINE{tpch,
author = {TPC-H},
title = {http://www.tpc.org/tpch/},
year = {2010},
url = {http://www.tpc.org/tpch/}
}


@inproceedings{Shao:2005,
 author = {Shao, Minglong and Ailamaki, Anastassia and Falsafi, Babak},
 title = {{DB}mbench: fast and accurate database workload representation on modern microarchitecture},
 booktitle = {Proceedings of the CASCON '05},
 year = {2005},
}


@inproceedings{Karypis:1998,
 author = {Karypis, George and Kumar, Vipin},
 title = {Multilevel algorithms for multi-constraint graph partitioning},
 booktitle = {Proceedings of the Supercomputing '98},
 year = {1998},
}


@ONLINE{metis,
author = {METIS},
title = {http://glaros.dtc.umn.edu/gkhome/views/metis},
year = {2010},
url = {http://glaros.dtc.umn.edu/gkhome/views/metis}
}


@inproceedings{Ailamaki:1999,
 author = {Ailamaki, Anastassia and DeWitt, David J. and Hill, Mark D. and Wood, David A.},
 title = {{DBMS}s on a Modern Processor: Where Does Time Go?},
 booktitle = {Proceedings of the VLDB '99},
 year = {1999},
}

@inproceedings{Kandemir:2010,
 author = {Kandemir, Mahmut and Yemliha, Taylan and Muralidhara, SaiPrashanth and Srikantaiah, Shekhar and Irwin, Mary Jane and Zhnag, Yuanrui},
 title = {Cache topology aware computation mapping for multicores},
 booktitle = {Proceedings of the PLDI '10},
 year = {2010},
}

@article{Srikantaiah:2008,
 author = {Srikantaiah, Shekhar and Kandemir, Mahmut and Irwin, Mary Jane},
 title = {Adaptive set pinning: managing shared caches in chip multiprocessors},
 journal = {SIGARCH Comput. Archit. News},
 volume = {36},
 issue = {1},
 month = {March},
 year = {2008},
}

@inproceedings{Bitirgen:2008,
 author = {Bitirgen, Ramazan and Ipek, Engin and Martinez, Jose F.},
 title = {Coordinated management of multiple interacting resources in chip multiprocessors: A machine learning approach},
 booktitle = {Proceedings of the MICRO 41},
 year = {2008},
}

@article{Agrawal:2009,
 author = {Rakesh Agrawal and Anastasia Ailamaki and Philip A. Bernstein and Eric A. Brewer and Michael J. Carey and Surajit Chaudhuri and Anhai Doan and Daniela Florescu and Michael J. Franklin and Hector Garcia and Johannes Gehrke and Le Gruenwald and Laura M. Haas and Alon Y. Halevy and Joseph M and Yannis E. Ioannidis and Hank F. Korth and Donald Kossmann and Samuel Madden and Beng Chin Ooi and Raghu Ramakrishnan and Sunita Sarawagi and Er S. Szalay and Gerhard Weikum},
 title = {The Claremont report on database research},
 journal = {Commun. ACM},
 volume = {52},
 issue = {6},
 month = {June},
 year = {2009},
}

@inproceedings{Hardavellas:2007,
  author    = {Nikos Hardavellas and Ippokratis Pandis and Ryan Johnson and Naju G. Mancheril and Anastassia Ailamaki and Babak Falsafi},
  title     = {Database Servers on Chip Multiprocessors: Limitations and
               Opportunities},
  booktitle = {CIDR},
  year      = {2007},
}


@ONLINE{perfmon2,
author = {Perfmon2},
title = {http://perfmon2.sourceforge.net/},
year = {2010},
url = {http://perfmon2.sourceforge.net/}
}

@ONLINE{xpressmp,
author = {XPress-MP},
title = {http://www.fico.com/en/products/fico-xpress-optimization-suite},
year = {2015},
url = {http://www.fico.com/en/products/fico-xpress-optimization-suite}
}

@ONLINE{dunn,
author = {Intel-Dunnington},
title = {http://ark.intel.com/Product.aspx?id=36941},
year = {2010},
url = {http://ark.intel.com/Product.aspx?id=36941}
}

@ONLINE{harper,
author = {Intel-Harpertown},
title = {http://ark.intel.com/Product.aspx?id=33085},
year = {2010},
url = {http://ark.intel.com/Product.aspx?id=33085}
}

@ONLINE{nehal,
author = {Intel-Nehalem},
title = {http://ark.intel.com/Product.aspx?spec=slbf5},
year = {2010},
url = {http://ark.intel.com/Product.aspx?spec=slbf5}
}


@TECHREPORT{Markatos93locality-basedscheduling,
    author = {Evangelos P. Markatos and Thomas J. Leblanc},
    title = {Locality-Based Scheduling in Shared-Memory Multiprocessors},
    institution = {Parallel Computing: Paradigms and Applications},
    year = {1993}
}

@inproceedings{Tam:2007:TCS:1272996.1273004,
 author = {Tam, David and Azimi, Reza and Stumm, Michael},
 title = {Thread clustering: sharing-aware scheduling on SMP-CMP-SMT multiprocessors},
 booktitle = {Proceedings of the EuroSys '07},

 year = {2007},
}

@inproceedings{Fedorova:2005:PMC:1247360.1247386,
 author = {Fedorova, Alexandra and Seltzer, Margo and Small, Christoper and Nussbaum, Daniel},
 title = {Performance of multithreaded chip multiprocessors and implications for operating system design},
 booktitle = {Proceedings of the ATEC '05},
 year = {2005},
}

@inproceedings{Anastassia05stageddb:designing,
    author = {Harizopoulos, Stavros and Anastassia, Ailamaki},
    title = {Staged{DB}: designing database servers for modern hardware},
    booktitle = {Proceedings of the ICDE '05},
}

@inproceedings{Acker:2008,
 author = {Acker, Ralph and Roth, Christian and Bayer, Rudolf},
 title = {Parallel Query Processing in Databases on Multicore Architectures},
 booktitle = {Proceedings of ICA3PP '08},
 year = {2008}
} 

@article{Albutiu:2012,
 author = {Albutiu, Martina-Cezara and Kemper, Alfons and Neumann, Thomas},
 title = {Massively Parallel Sort-merge Joins in Main Memory Multi-core Database Systems},
 journal = {Proc. VLDB Endow.},
 issue_date = {June 2012},
 volume = {5},
 number = {10},
 month = jun,
 year = {2012}
} 


@article{Lee:2009MMC,
 author = {Lee, Rubao and Ding, Xiaoning and Chen, Feng and Lu, Qingda and Zhang, Xiaodong},
 title = {MCC-DB: Minimizing Cache Conflicts in Multi-core Processors for Databases},
 journal = {Proc. VLDB Endow.},
 issue_date = {August 2009},
 volume = {2},
 number = {1},
 month = aug,
 year = {2009}
} 




@inproceedings{Petrides:2013SED,
 author = {Petrides, Panayiotis and Diavastos, Andreas and Christofi, Constantinos and Trancoso, Pedro},
 title = {Scalability and Efficiency of Database Queries on Future Many-Core Systems},
 booktitle = {Proceedings of PDP '13},
 year = {2013}
} 



@ONLINE{Joe,
author = {Joe Duffy and Ed Essey},
title = {{Running Queries On Multi-Core Processors}},
year = {2007},
url = {http://msdn.microsoft.com/en-us/magazine/cc163329.aspx}
}




@MastersThesis{Stian,
    author     =     {Stian Liknes},
    title     =     {{Database Operations on Multi-Core 
Processors}},
    school     =     {Norwegian University of Science and Technology},
    address     =     {Trondheim, Norway},
    year     =     {2013},
    }

@INPROCEEDINGS{iiswc14,
author={Orhan, U. and Wei Ding and Yedlapalli, P. and Kandemir, M. and Ozturk, O.},
booktitle={Workload Characterization (IISWC), 2014 IEEE International Symposium on},
title={A cache topology-aware multi-query scheduler for multicore architectures},
year={2014},
month={Oct},
pages={86-87}}


@incollection{Chevalier:2009,
 author = {Chevalier, C{\'e}dric and Safro, Ilya},
 chapter = {Comparison of Coarsening Schemes for Multilevel Graph Partitioning},
 title = {Learning and Intelligent Optimization},
 editor = {St\"{u}tzle, Thomas},
 year = {2009},
 isbn = {978-3-642-11168-6},
 pages = {191--205},
 numpages = {15},
}
